@inproceedings{Ye2018WordEmbeddings,
  author  = {Ye, Qi and Devendra, Sachan and Matthieu, Felix and Sarguna, Padmanabhan and Graham, Neubig},
  title   = {When and Why are pre-trained word embeddings useful for Neural Machine Translation},
  booktitle = {HLT-NAACL},
  year    = {2018},
  }

@article{DBLP:journals/corr/abs-1903-00089,
	author    = {Roee Aharoni and
	Melvin Johnson and
	Orhan Firat},
	title     = {Massively Multilingual Neural Machine Translation},
	journal   = {CoRR},
	volume    = {abs/1903.00089},
	year      = {2019},
	url       = {http://arxiv.org/abs/1903.00089},
	archivePrefix = {arXiv},
	eprint    = {1903.00089},
	timestamp = {Sat, 30 Mar 2019 19:27:21 +0100},
	biburl    = {https://dblp.org/rec/bib/journals/corr/abs-1903-00089},
	bibsource = {dblp computer science bibliography, https://dblp.org}
}

@article{johnson2017google,
	title={Googleâ€™s multilingual neural machine translation system: Enabling zero-shot translation},
	author={Johnson, Melvin and Schuster, Mike and Le, Quoc V and Krikun, Maxim and Wu, Yonghui and Chen, Zhifeng and Thorat, Nikhil and Vi{\'e}gas, Fernanda and Wattenberg, Martin and Corrado, Greg and others},
	journal={Transactions of the Association for Computational Linguistics},
	volume={5},
	pages={339--351},
	year={2017},
	publisher={MIT Press}
}

@article{DBLP:journals/corr/HaNW16,
	author    = {Thanh{-}Le Ha and
	Jan Niehues and
	Alexander H. Waibel},
	title     = {Toward Multilingual Neural Machine Translation with Universal Encoder
	and Decoder},
	journal   = {CoRR},
	volume    = {abs/1611.04798},
	year      = {2016},
	url       = {http://arxiv.org/abs/1611.04798},
	archivePrefix = {arXiv},
	eprint    = {1611.04798},
	timestamp = {Mon, 13 Aug 2018 16:46:26 +0200},
	biburl    = {https://dblp.org/rec/bib/journals/corr/HaNW16},
	bibsource = {dblp computer science bibliography, https://dblp.org}
}

@article{DBLP:journals/corr/abs-1903-00089,
	author    = {Roee Aharoni and
	Melvin Johnson and
	Orhan Firat},
	title     = {Massively Multilingual Neural Machine Translation},
	journal   = {CoRR},
	volume    = {abs/1903.00089},
	year      = {2019},
	url       = {http://arxiv.org/abs/1903.00089},
	archivePrefix = {arXiv},
	eprint    = {1903.00089},
	timestamp = {Sat, 30 Mar 2019 19:27:21 +0100},
	biburl    = {https://dblp.org/rec/bib/journals/corr/abs-1903-00089},
	bibsource = {dblp computer science bibliography, https://dblp.org}
}

@article{DBLP:journals/corr/abs-1806-06957,
	author    = {Surafel Melaku Lakew and
	Mauro Cettolo and
	Marcello Federico},
	title     = {A Comparison of Transformer and Recurrent Neural Networks on Multilingual
	Neural Machine Translation},
	journal   = {CoRR},
	volume    = {abs/1806.06957},
	year      = {2018},
	url       = {http://arxiv.org/abs/1806.06957},
	archivePrefix = {arXiv},
	eprint    = {1806.06957},
	timestamp = {Mon, 13 Aug 2018 16:45:58 +0200},
	biburl    = {https://dblp.org/rec/bib/journals/corr/abs-1806-06957},
	bibsource = {dblp computer science bibliography, https://dblp.org}
}

@article{DBLP:journals/corr/VaswaniSPUJGKP17,
	author    = {Ashish Vaswani and
	Noam Shazeer and
	Niki Parmar and
	Jakob Uszkoreit and
	Llion Jones and
	Aidan N. Gomez and
	Lukasz Kaiser and
	Illia Polosukhin},
	title     = {Attention Is All You Need},
	journal   = {CoRR},
	volume    = {abs/1706.03762},
	year      = {2017},
	url       = {http://arxiv.org/abs/1706.03762},
	archivePrefix = {arXiv},
	eprint    = {1706.03762},
	timestamp = {Mon, 13 Aug 2018 16:48:37 +0200},
	biburl    = {https://dblp.org/rec/bib/journals/corr/VaswaniSPUJGKP17},
	bibsource = {dblp computer science bibliography, https://dblp.org}
}
@article{
	DBLP:journals/corr/WuSCLNMKCGMKSJL16,
	author    = {Yonghui Wu and
	Mike Schuster and
	Zhifeng Chen and
	Quoc V. Le and
	Mohammad Norouzi and
	Wolfgang Macherey and
	Maxim Krikun and
	Yuan Cao and
	Qin Gao and
	Klaus Macherey and
	Jeff Klingner and
	Apurva Shah and
	Melvin Johnson and
	Xiaobing Liu and
	Lukasz Kaiser and
	Stephan Gouws and
	Yoshikiyo Kato and
	Taku Kudo and
	Hideto Kazawa and
	Keith Stevens and
	George Kurian and
	Nishant Patil and
	Wei Wang and
	Cliff Young and
	Jason Smith and
	Jason Riesa and
	Alex Rudnick and
	Oriol Vinyals and
	Greg Corrado and
	Macduff Hughes and
	Jeffrey Dean},
	title     = {Google's Neural Machine Translation System: Bridging the Gap between
	Human and Machine Translation},
	journal   = {CoRR},
	volume    = {abs/1609.08144},
	year      = {2016},
	url       = {http://arxiv.org/abs/1609.08144},
	archivePrefix = {arXiv},
	eprint    = {1609.08144},
	timestamp = {Thu, 14 Mar 2019 09:34:18 +0100},
	biburl    = {https://dblp.org/rec/bib/journals/corr/WuSCLNMKCGMKSJL16},
	bibsource = {dblp computer science bibliography, https://dblp.org}
}
@article{DBLP:journals/corr/abs-1810-04805,
	author    = {Jacob Devlin and
	Ming{-}Wei Chang and
	Kenton Lee and
	Kristina Toutanova},
	title     = {{BERT:} Pre-training of Deep Bidirectional Transformers for Language
	Understanding},
	journal   = {CoRR},
	volume    = {abs/1810.04805},
	year      = {2018},
	url       = {http://arxiv.org/abs/1810.04805},
	archivePrefix = {arXiv},
	eprint    = {1810.04805},
	timestamp = {Tue, 30 Oct 2018 20:39:56 +0100},
	biburl    = {https://dblp.org/rec/bib/journals/corr/abs-1810-04805},
	bibsource = {dblp computer science bibliography, https://dblp.org}
}
@inproceedings{papineni2002bleu,
	title={BLEU: a method for automatic evaluation of machine translation},
	author={Papineni, Kishore and Roukos, Salim and Ward, Todd and Zhu, Wei-Jing},
	booktitle={Proceedings of the 40th annual meeting on association for computational linguistics},
	pages={311--318},
	year={2002},
	organization={Association for Computational Linguistics}
}